<record><leader>00000cas a22000007a 4500</leader><controlfield tag="001">15106532</controlfield><controlfield tag="008">870123d18771878inucr ne      0    0eng d</controlfield><datafield ind1=" " ind2=" " tag="010"><subfield code="a">sn 87055103 </subfield></datafield><datafield ind1=" " ind2=" " tag="040"><subfield code="a">NPI</subfield><subfield code="b">eng</subfield><subfield code="c">NPI</subfield><subfield code="d">OCLCQ</subfield></datafield><datafield ind1=" " ind2=" " tag="042"><subfield code="a">msc</subfield></datafield><datafield ind1="0" ind2=" " tag="130"><subfield code="a">Rochester independent (Rochester, Ind.)</subfield></datafield><datafield ind1="1" ind2="0" tag="245"><subfield code="a">Rochester independent.</subfield></datafield><datafield ind1="3" ind2="0" tag="246"><subfield code="a">Rochester semi-weekly independent</subfield></datafield><datafield ind1=" " ind2=" " tag="260"><subfield code="a">Rochester, Ind. :</subfield><subfield code="b">Mattingly &amp; Kitt,</subfield><subfield code="c">1877-1878.</subfield></datafield><datafield ind1=" " ind2=" " tag="310"><subfield code="a">Semiweekly</subfield></datafield><datafield ind1=" " ind2=" " tag="321"><subfield code="a">Weekly,</subfield><subfield code="b">Dec. 15, 1877-Mar. 23, 1878</subfield></datafield><datafield ind1="0" ind2=" " tag="362"><subfield code="a">Vol. 1, no. 1 (Dec. 15, 1877)-v. 1, no. 43 (June 29, 1878).</subfield></datafield><datafield ind1=" " ind2=" " tag="500"><subfield code="a">"Semi-weekly" in the title ornament, Mar. 27, 1878-June 29, 1878.</subfield></datafield><datafield ind1=" " ind2=" " tag="752"><subfield code="a">United States</subfield><subfield code="b">Indiana</subfield><subfield code="c">Fulton</subfield><subfield code="d">Rochester.</subfield></datafield><datafield ind1="0" ind2="0" tag="780"><subfield code="t">Rochester Republican (Rochester, Ind. : 1878)</subfield><subfield code="w">(DLC)sn 87055107</subfield></datafield></record>